# direct PET, literally GTM but not really
@article{young2023image,
    title = {Image-derived input functions from dynamic 15O--water PET scans
             using penalised reconstruction},
    author = {Young, Peter and Appel, Lieuwe and Tolf, Andreas and Kosmidis,
              Savvas and Burman, Joachim and Rieckmann, Anna and Sch{\"o}ll,
              Michael and Lubberink, Mark},
    journal = {EJNMMI physics},
    volume = {10},
    number = {1},
    pages = {15},
    year = {2023},
    publisher = {Springer},
}
# direct PET, clustering, PVC: RC
@article{lyoo2014image,
    title = {Image-derived input function derived from a supervised clustering
             algorithm: methodology and validation in a clinical protocol using
             [11C](R)-rolipram},
    author = {Lyoo, Chul Hyoung and Zanotti-Fregonara, Paolo and Zoghbi, Sami S
              and Liow, Jeih-San and Xu, Rong and Pike, Victor W and Zarate Jr,
              Carlos A and Fujita, Masahiro and Innis, Robert B},
    journal = {PLoS One},
    volume = {9},
    number = {2},
    pages = {e89101},
    year = {2014},
    publisher = {Public Library of Science San Francisco, USA},
}
# TOF, manual seed selection, very weird spill-in cylinder area thingy.
@article{vestergaard2021validation,
    title = {Validation of kinetic modeling of [15O] H2O PET using an image
             derived input function on hybrid PET/MRI},
    author = {Vestergaard, Mark B and Calvo, Oriol P and Hansen, Adam E and
              Rosenbaum, Sverre and Larsson, Henrik BW and Henriksen, Otto M and
              Law, Ian},
    journal = {Neuroimage},
    volume = {233},
    pages = {117950},
    year = {2021},
    publisher = {Elsevier},
}
# TOF, pre-clinical(sheep), GTM
@article{jochimsen2016fully,
  title={Fully automated calculation of image-derived input function in simultaneous PET/MRI in a sheep model},
  author={Jochimsen, Thies H and Zeisig, Vilia and Schulz, Jessica and Werner, Peter and Patt, Marianne and Patt, J{\"o}rg and Dreyer, Antje Y and Boltze, Johannes and Barthel, Henryk and Sabri, Osama and others},
  journal={EJNMMI physics},
  volume={3},
  pages={1--17},
  year={2016},
  publisher={Springer}
}

