@inproceedings{irace2021bayesian,
    title = {Bayesian partial volume correction for image derived input function
             },
    author = {Irace, Zacharie and Merida, Ines and Gobert, Florent and Dailler,
              Frederic and Costes, Nicolas},
    booktitle = {Journal of Cerebral Blood Flow and Metabolism},
    volume = {41},
    number = {1\_ SUPPL},
    pages = {229--229},
    year = {2021},
    organization = {SAGE PUBLICATIONS INC},
}
@misc{oikonen2018tpcclib,
    author = {Vesa Oikonen and Jarkko Johansson and Kaisa Liukko and Harri
              Merisaari and Sakari Alenius and Calle Laakkonen and Roman Krais},
    title = {TPCCLIB},
    year = {2018},
    version = {0.6.20},
    organization = {Turku PET Centre, University of Turku},
    url = {https://gitlab.utu.fi/vesoik/tpcclib},
    note = {Retrieved on 2nd February 2025},
}
@article{boellaard2004effects,
    title = {Effects of noise, image resolution, and ROI definition on the
             accuracy of standard uptake values: a simulation study},
    author = {Boellaard, Ronald and Krak, Nanda C and Hoekstra, Otto S and
              Lammertsma, Adriaan A},
    journal = {Journal of Nuclear Medicine},
    volume = {45},
    number = {9},
    pages = {1519--1527},
    year = {2004},
    publisher = {Society of Nuclear Medicine},
}
@article{zanotti2011image,
    title = {Image-derived input function for brain PET studies: many challenges
             and few opportunities},
    author = {Zanotti-Fregonara, Paolo and Chen, Kewei and Liow, Jeih-San and
              Fujita, Masahiro and Innis, Robert B},
    journal = {Journal of Cerebral Blood Flow \& Metabolism},
    volume = {31},
    number = {10},
    pages = {1986--1998},
    year = {2011},
    publisher = {SAGE Publications Sage UK: London, England},
}
@article{keyes1995suv,
    title = {SUV: standard uptake or silly useless value?},
    author = {Keyes, John W},
    journal = {Journal of Nuclear Medicine},
    volume = {36},
    number = {10},
    pages = {1836--1839},
    year = {1995},
    publisher = {Society of Nuclear Medicine},
}
@article{logan1990graphical,
    title = {Graphical analysis of reversible radioligand binding from
             timeâ€”activity measurements applied to [N-11C-methyl]-(-)-cocaine PET
             studies in human subjects},
    author = {Logan, Jean and Fowler, Joanna S and Volkow, Nora D and Wolf,
              Alfred P and Dewey, Stephen L and Schlyer, David J and MacGregor,
              Robert R and Hitzemann, Robert and Bendriem, Bernard and Gatley, S
              John and others},
    journal = {Journal of Cerebral Blood Flow \& Metabolism},
    volume = {10},
    number = {5},
    pages = {740--747},
    year = {1990},
    publisher = {SAGE Publications Sage UK: London, England},
}
@article{patlak1983graphical,
    title = {Graphical evaluation of blood-to-brain transfer constants from
             multiple-time uptake data},
    author = {Patlak, Clifford S and Blasberg, Ronald G and Fenstermacher,
              Joseph D},
    journal = {Journal of Cerebral Blood Flow \& Metabolism},
    volume = {3},
    number = {1},
    pages = {1--7},
    year = {1983},
    publisher = {SAGE Publications Sage UK: London, England},
}
@article{schmidt1992errors,
    title = {Errors introduced by tissue heterogeneity in estimation of local
             cerebral glucose utilization with current kinetic models of the
             [18F] fluorodeoxyglucose method},
    author = {Schmidt, K and Lucignani, G and Moresco, RM and Rizzo, G and
              Gilardi, MC and Messa, C and Colombo, F and Fazio, F and Sokoloff,
              L},
    journal = {Journal of Cerebral Blood Flow \& Metabolism},
    volume = {12},
    number = {5},
    pages = {823--834},
    year = {1992},
    publisher = {SAGE Publications Sage UK: London, England},
}
@article{rousset1998correction,
    title = {Correction for partial volume effects in PET: principle and
             validation},
    author = {Rousset, Olivier G and Ma, Yilong and Evans, Alan C},
    journal = {Journal of nuclear medicine},
    volume = {39},
    number = {5},
    pages = {904--911},
    year = {1998},
    publisher = {Society of Nuclear Medicine},
}
@article{hammers2003three,
    title = "Three-dimensional maximum probability atlas of the human brain,
             with particular reference to the temporal lobe",
    author = "Hammers, Alexander and Allom, Richard and Koepp, Matthias J and
              Free, Samantha L and Myers, Ralph and Lemieux, Louis and Mitchell,
              Tejal N and Brooks, David J and Duncan, John S",
    journal = "Hum. Brain Mapp.",
    publisher = "Wiley",
    volume = 19,
    number = 4,
    pages = "224--247",
    month = aug,
    year = 2003,
    copyright = "http://onlinelibrary.wiley.com/termsAndConditions\#vor",
    language = "en",
}
@article{jenkinson2012fsl,
    title = {Fsl},
    author = {Jenkinson, Mark and Beckmann, Christian F and Behrens, Timothy EJ
              and Woolrich, Mark W and Smith, Stephen M},
    journal = {Neuroimage},
    volume = {62},
    number = {2},
    pages = {782--790},
    year = {2012},
    publisher = {Elsevier},
}
% MR AUTOMATIC PVC method
@article{sari2017estimation,
    title = {Estimation of an image derived input function with MR-defined
             carotid arteries in FDG-PET human studies using a novel partial
             volume correction method},
    author = {Sari, Hasan and Erlandsson, Kjell and Law, Ian and Larsson, Henrik
              BW and Ourselin, Sebastien and Arridge, Simon and Atkinson, David
              and Hutton, Brian F},
    journal = {Journal of Cerebral Blood Flow \& Metabolism},
    volume = {37},
    number = {4},
    pages = {1398--1409},
    year = {2017},
    publisher = {SAGE Publications Sage UK: London, England},
}
% MR AUTOMATIC PVC & segmentation method
@article{jochimsen2016fully,
    title = {Fully automated calculation of image-derived input function in
             simultaneous PET/MRI in a sheep model},
    author = {Jochimsen, Thies H and Zeisig, Vilia and Schulz, Jessica and
              Werner, Peter and Patt, Marianne and Patt, J{\"o}rg and Dreyer,
              Antje Y and Boltze, Johannes and Barthel, Henryk and Sabri, Osama
              and others},
    journal = {EJNMMI physics},
    volume = {3},
    pages = {1--17},
    year = {2016},
    publisher = {Springer},
}
% MR semi-automatic 
@article{dassanayake2022caliper,
    title = {caliPER: a software for blood-free parametric Patlak mapping using
             PET/MRI input function},
    author = {Dassanayake, Praveen and Cui, Lumeng and Finger, Elizabeth and
              Kewin, Matthew and Hadaway, Jennifer and Soddu, Andrea and Jakoby,
              Bjoern and Zuehlsdorf, Sven and St Lawrence, Keith S and Moran,
              Gerald and others},
    journal = {Neuroimage},
    volume = {256},
    pages = {119261},
    year = {2022},
    publisher = {Elsevier},
}
@article{khalighi2018image,
    title = {Image-derived input function estimation on a TOF-enabled PET/MR for
             cerebral blood flow mapping},
    author = {Khalighi, Mohammad Mehdi and Deller, Timothy W and Fan, Audrey
              Peiwen and Gulaka, Praveen K and Shen, Bin and Singh, Prachi and
              Park, Jun-Hyung and Chin, Frederick T and Zaharchuk, Greg},
    journal = {Journal of Cerebral Blood Flow \& Metabolism},
    volume = {38},
    number = {1},
    pages = {126--135},
    year = {2018},
    publisher = {SAGE Publications Sage UK: London, England},
}
@article{sundar2019towards,
    title = {Towards quantitative [18F] FDG-PET/MRI of the brain: automated
             MR-driven calculation of an image-derived input function for the
             non-invasive determination of cerebral glucose metabolic rates},
    author = {Sundar, Lalith KS and Muzik, Otto and Rischka, Lucas and Hahn,
              Andreas and Rausch, Ivo and Lanzenberger, Rupert and Hienert,
              Marius and Klebermass, Eva-Maria and F{\"u}chsel, Frank-G{\"u}nther
              and Hacker, Marcus and others},
    journal = {Journal of Cerebral Blood Flow \& Metabolism},
    volume = {39},
    number = {8},
    pages = {1516--1530},
    year = {2019},
    publisher = {SAGE Publications Sage UK: London, England},
}
@article{ferrante2024physically,
    title = {Physically informed deep neural networks for metabolite-corrected
             plasma input function estimation in dynamic PET imaging},
    author = {Ferrante, Matteo and Inglese, Marianna and Brusaferri, Ludovica
              and Whitehead, Alexander C and Maccioni, Lucia and Turkheimer,
              Federico E and Nettis, Maria A and Mondelli, Valeria and Howes,
              Oliver and Loggia, Marco L and others},
    journal = {Computer methods and programs in biomedicine},
    volume = {256},
    pages = {108375},
    year = {2024},
    publisher = {Elsevier},
}
@article{chavan2024end,
    title = {An end-to-end deep learning pipeline to derive blood input with
             partial volume corrections for automated parametric brain PET
             mapping},
    author = {Chavan, Rugved and Hyman, Gabriel and Qureshi, Zoraiz and
              Jayakumar, Nivetha and Terrell, William and Wardius, Megan and Berr
              , Stuart and Schiff, David and Fountain, Nathan and Muttikkal,
              Thomas Eluvathingal and others},
    journal = {Biomedical Physics \& Engineering Express},
    volume = {10},
    number = {5},
    pages = {055028},
    year = {2024},
    publisher = {IOP Publishing},
}

@article{mourik2009image,
    title = {Image-derived input functions for PET brain studies},
    author = {Mourik, Jurgen EM and Lubberink, Mark and Schuitemaker, Alie and
              Tolboom, Nelleke and van Berckel, Bart NM and Lammertsma, Adriaan A
              and Boellaard, Ronald},
    journal = {European journal of nuclear medicine and molecular imaging},
    volume = {36},
    pages = {463--471},
    year = {2009},
    publisher = {Springer},
}
@inproceedings{ronneberger2015u,
    title = {U-net: Convolutional networks for biomedical image segmentation},
    author = {Ronneberger, Olaf and Fischer, Philipp and Brox, Thomas},
    booktitle = {Medical image computing and computer-assisted
                 intervention--MICCAI 2015: 18th international conference, Munich
                 , Germany, October 5-9, 2015, proceedings, part III 18},
    pages = {234--241},
    year = {2015},
    organization = {Springer},
}

